<record><leader>00000cas a22000007a 4500</leader><controlfield tag="001">25235590</controlfield><controlfield tag="008">920207d18571862ctuwr ne      0    0eng d</controlfield><datafield ind1=" " ind2=" " tag="010"><subfield code="a">sn 92051149 </subfield></datafield><datafield ind1=" " ind2=" " tag="040"><subfield code="a">CNW</subfield><subfield code="b">eng</subfield><subfield code="c">CNW</subfield><subfield code="d">OCL</subfield><subfield code="d">CNW</subfield><subfield code="d">OCLCQ</subfield><subfield code="d">OCLCF</subfield><subfield code="d">OCLCO</subfield></datafield><datafield ind1="1" ind2=" " tag="029"><subfield code="a">AU@</subfield><subfield code="b">000020228490</subfield></datafield><datafield ind1=" " ind2=" " tag="042"><subfield code="a">msc</subfield></datafield><datafield ind1=" " ind2=" " tag="043"><subfield code="a">n-us-ct</subfield></datafield><datafield ind1="0" ind2="0" tag="245"><subfield code="a">Housatonic Republican.</subfield></datafield><datafield ind1=" " ind2=" " tag="260"><subfield code="a">Falls Village, Conn. :</subfield><subfield code="b">C.B. Maltbie</subfield></datafield><datafield ind1=" " ind2=" " tag="300"><subfield code="a">v.</subfield></datafield><datafield ind1=" " ind2=" " tag="310"><subfield code="a">Weekly</subfield></datafield><datafield ind1="0" ind2=" " tag="362"><subfield code="a">Vol. 1, no. 1 (Jan. 10, 1857)-v. 17, no. 13 (Aug. 16, 1862).</subfield></datafield><datafield ind1=" " ind2=" " tag="515"><subfield code="a">Contains numerous numbering inconsistencies.</subfield></datafield><datafield ind1=" " ind2=" " tag="515"><subfield code="a">Issues for &lt;July 26, 1862&gt;-Aug. 16, 1862 also called: &lt;New ser., v. 6, no. 30&gt;-new ser., v. 6, no. 33 = &lt;whole no. 803&gt;-whole no. 806.</subfield></datafield><datafield ind1=" " ind2=" " tag="530"><subfield code="a">Also issued on microfilm from Connecticut State Library, Hartford, CT.</subfield></datafield><datafield ind1=" " ind2=" " tag="580"><subfield code="a">Published from the same office as the Independent (Falls Village, Conn.).</subfield></datafield><datafield ind1=" " ind2="0" tag="651"><subfield code="a">Falls Village (Conn.)</subfield><subfield code="v">Newspapers.</subfield></datafield><datafield ind1=" " ind2="0" tag="651"><subfield code="a">Canaan (Conn.)</subfield><subfield code="v">Newspapers.</subfield></datafield><datafield ind1=" " ind2="7" tag="655"><subfield code="a">Newspapers.</subfield><subfield code="2">fast</subfield><subfield code="0">(OCoLC)fst01423814</subfield></datafield><datafield ind1=" " ind2="7" tag="651"><subfield code="a">Connecticut</subfield><subfield code="z">Canaan.</subfield><subfield code="2">fast</subfield><subfield code="0">(OCoLC)fst01226251</subfield></datafield><datafield ind1=" " ind2="7" tag="651"><subfield code="a">Connecticut</subfield><subfield code="z">Falls Village.</subfield><subfield code="2">fast</subfield><subfield code="0">(OCoLC)fst01254409</subfield></datafield><datafield ind1=" " ind2=" " tag="752"><subfield code="a">United States</subfield><subfield code="b">Connecticut</subfield><subfield code="c">Litchfield</subfield><subfield code="d">Falls Village.</subfield></datafield><datafield ind1="0" ind2="0" tag="780"><subfield code="t">Litchfield Republican (Litchfield, Conn. : 1847)</subfield><subfield code="w">(DLC)sn 94053070</subfield><subfield code="w">(OCoLC)30405524</subfield></datafield><datafield ind1="1" ind2=" " tag="787"><subfield code="t">Independent (Falls Village, Conn.)</subfield></datafield></record>